@ARTICLE{Oberg21_review,
       author = {{{\"O}berg}, Karin I. and {Bergin}, Edwin A.},
        title = "{Astrochemistry and compositions of planetary systems}",
      journal = {\physrep},
     keywords = {Astrochemistry, Planet formation, Protoplanetary disks, Astrobiology, Origins of life, Astrophysics - Earth and Planetary Astrophysics, Astrophysics - Astrophysics of Galaxies, Astrophysics - Solar and Stellar Astrophysics},
         year = 2021,
        month = jan,
       volume = {893},
        pages = {1-48},
          doi = {10.1016/j.physrep.2020.09.004},
archivePrefix = {arXiv},
       eprint = {2010.03529},
 primaryClass = {astro-ph.EP},
       adsurl = {https://ui.adsabs.harvard.edu/abs/2021PhR...893....1O},
      adsnote = {Provided by the SAO/NASA Astrophysics Data System}
}

@INPROCEEDINGS{Ceccarelli14,
       author = {{Ceccarelli}, C. and {Caselli}, P. and {Bockel{\'e}e-Morvan}, D. and {Mousis}, O. and {Pizzarello}, S. and {Robert}, F. and {Semenov}, D.},
        title = "{Deuterium Fractionation: The Ariadne's Thread from the Precollapse Phase to Meteorites and Comets Today}",
     keywords = {Astrophysics - Earth and Planetary Astrophysics, Astrophysics - Solar and Stellar Astrophysics},
    booktitle = {Protostars and Planets VI},
         year = 2014,
       editor = {{Beuther}, Henrik and {Klessen}, Ralf S. and {Dullemond}, Cornelis P. and {Henning}, Thomas},
        month = jan,
        pages = {859},
          doi = {10.2458/azu_uapress_9780816531240-ch037},
archivePrefix = {arXiv},
       eprint = {1403.7143},
 primaryClass = {astro-ph.EP},
       adsurl = {https://ui.adsabs.harvard.edu/abs/2014prpl.conf..859C},
      adsnote = {Provided by the SAO/NASA Astrophysics Data System}
}

@ARTICLE{Salinas17,
       author = {{Salinas}, V.~N. and {Hogerheijde}, M.~R. and {Mathews}, G.~S. and {{\"O}berg}, K.~I. and {Qi}, C. and {Williams}, J.~P. and {Wilner}, D.~J.},
        title = "{DCO$^{+}$, DCN, and N$_{2}$D$^{+}$ reveal three different deuteration regimes in the disk around the Herbig Ae star HD 163296}",
      journal = {\aap},
     keywords = {astrochemistry, protoplanetary disks, stars: individual: HD 163296, submillimeter: stars, Astrophysics - Solar and Stellar Astrophysics, Astrophysics - Astrophysics of Galaxies},
         year = 2017,
        month = oct,
       volume = {606},
          eid = {A125},
        pages = {A125},
          doi = {10.1051/0004-6361/201731223},
archivePrefix = {arXiv},
       eprint = {1707.06475},
 primaryClass = {astro-ph.SR},
       adsurl = {https://ui.adsabs.harvard.edu/abs/2017A&A...606A.125S},
      adsnote = {Provided by the SAO/NASA Astrophysics Data System}
}

@ARTICLE{Oberg21_TWHya,
       author = {{{\"O}berg}, Karin I. and {Cleeves}, L. Ilsedore and {Bergner}, Jennifer B. and {Cavanaro}, Joseph and {Teague}, Richard and {Huang}, Jane and {Loomis}, Ryan A. and {Bergin}, Edwin A. and {Blake}, Geoffrey A. and {Calahan}, Jenny and {Cazzoletti}, Paolo and {Guzm{\'a}n}, Viviana Veloso and {Hogerheijde}, Michiel R. and {Kama}, Mihkel and {Terwisscha van Scheltinga}, Jeroen and {Qi}, Chunhua and {van Dishoeck}, Ewine and {Walsh}, Catherine and {Wilner}, David J.},
        title = "{The TW Hya Rosetta Stone Project. I. Radial and Vertical Distributions of DCN and DCO$^{+}$}",
      journal = {\aj},
     keywords = {Planet formation, Protoplanetary disks, Millimeter astronomy, Astrochemistry, Submillimeter astronomy, Interstellar molecules, Solar system formation, 1241, 1300, 1061, 75, 1647, 849, 1530, Astrophysics - Earth and Planetary Astrophysics, Astrophysics - Solar and Stellar Astrophysics},
         year = 2021,
        month = jan,
       volume = {161},
       number = {1},
          eid = {38},
        pages = {38},
          doi = {10.3847/1538-3881/abc74d},
archivePrefix = {arXiv},
       eprint = {2011.06774},
 primaryClass = {astro-ph.EP},
       adsurl = {https://ui.adsabs.harvard.edu/abs/2021AJ....161...38O},
      adsnote = {Provided by the SAO/NASA Astrophysics Data System}
}

@ARTICLE{Facchini21,
       author = {{Facchini}, Stefano and {Teague}, Richard and {Bae}, Jaehan and {Benisty}, Myriam and {Keppler}, Miriam and {Isella}, Andrea},
        title = "{The chemical inventory of the planet-hosting disk PDS 70}",
      journal = {arXiv e-prints},
     keywords = {Astrophysics - Earth and Planetary Astrophysics, Astrophysics - Solar and Stellar Astrophysics},
         year = 2021,
        month = jan,
          eid = {arXiv:2101.08369},
        pages = {arXiv:2101.08369},
archivePrefix = {arXiv},
       eprint = {2101.08369},
 primaryClass = {astro-ph.EP},
       adsurl = {https://ui.adsabs.harvard.edu/abs/2021arXiv210108369F},
      adsnote = {Provided by the SAO/NASA Astrophysics Data System}
}

@ARTICLE{Aikawa18,
       author = {{Aikawa}, Yuri and {Furuya}, Kenji and {Hincelin}, Ugo and {Herbst}, Eric},
        title = "{Multiple Paths of Deuterium Fractionation in Protoplanetary Disks}",
      journal = {\apj},
     keywords = {astrochemistry, protoplanetary disks, stars: formation, Astrophysics - Solar and Stellar Astrophysics, Astrophysics - Astrophysics of Galaxies},
         year = 2018,
        month = mar,
       volume = {855},
       number = {2},
          eid = {119},
        pages = {119},
          doi = {10.3847/1538-4357/aaad6c},
archivePrefix = {arXiv},
       eprint = {1803.02498},
 primaryClass = {astro-ph.SR},
       adsurl = {https://ui.adsabs.harvard.edu/abs/2018ApJ...855..119A},
      adsnote = {Provided by the SAO/NASA Astrophysics Data System}
}

@ARTICLE{Huang17,
       author = {{Huang}, Jane and {{\"O}berg}, Karin I. and {Qi}, Chunhua and {Aikawa}, Yuri and {Andrews}, Sean M. and {Furuya}, Kenji and {Guzm{\'a}n}, Viviana V. and {Loomis}, Ryan A. and {van Dishoeck}, Ewine F. and {Wilner}, David J.},
        title = "{An ALMA Survey of DCN/H$^{13}$CN and DCO$^{+}$/H$^{13}$CO$^{+}$ in Protoplanetary Disks}",
      journal = {\apj},
     keywords = {astrochemistry, ISM: molecules, protoplanetary disks, radio lines: ISM, Astrophysics - Solar and Stellar Astrophysics, Astrophysics - Earth and Planetary Astrophysics, Astrophysics - Astrophysics of Galaxies},
         year = 2017,
        month = feb,
       volume = {835},
       number = {2},
          eid = {231},
        pages = {231},
          doi = {10.3847/1538-4357/835/2/231},
archivePrefix = {arXiv},
       eprint = {1701.01735},
 primaryClass = {astro-ph.SR},
       adsurl = {https://ui.adsabs.harvard.edu/abs/2017ApJ...835..231H},
      adsnote = {Provided by the SAO/NASA Astrophysics Data System}
}

@ARTICLE{Loomis20,
       author = {{Loomis}, Ryan A. and {{\"O}berg}, Karin I. and {Andrews}, Sean M. and {Bergin}, Edwin and {Bergner}, Jennifer and {Blake}, Geoffrey A. and {Cleeves}, L. Ilsedore and {Czekala}, Ian and {Huang}, Jane and {Le Gal}, Romane and {M{\'e}nard}, Francois and {Pegues}, Jamila and {Qi}, Chunhua and {Walsh}, Catherine and {Williams}, Jonathan P. and {Wilner}, David J.},
        title = "{An Unbiased ALMA Spectral Survey of the LkCa 15 and MWC 480 Protoplanetary Disks}",
      journal = {\apj},
     keywords = {1300, 75, Astrophysics - Solar and Stellar Astrophysics, Astrophysics - Earth and Planetary Astrophysics, Astrophysics - Astrophysics of Galaxies},
         year = 2020,
        month = apr,
       volume = {893},
       number = {2},
          eid = {101},
        pages = {101},
          doi = {10.3847/1538-4357/ab7cc8},
archivePrefix = {arXiv},
       eprint = {2006.16187},
 primaryClass = {astro-ph.SR},
       adsurl = {https://ui.adsabs.harvard.edu/abs/2020ApJ...893..101L},
      adsnote = {Provided by the SAO/NASA Astrophysics Data System}
}

@ARTICLE{Roberts00,
       author = {{Roberts}, H. and {Millar}, T.~J.},
        title = "{Gas-phase formation of doubly-deuterated species}",
      journal = {\aap},
     keywords = {ISM: ABUNDANCES, ISM: MOLECULES, ISM: CLOUDS, ISM: INDIVIDUAL OBJECTS: LI34N},
         year = 2000,
        month = dec,
       volume = {364},
        pages = {780-784},
       adsurl = {https://ui.adsabs.harvard.edu/abs/2000A&A...364..780R},
      adsnote = {Provided by the SAO/NASA Astrophysics Data System}
}

@ARTICLE{Nyman19,
       author = {{Nyman}, Gunnar and {Yu}, Hua-Gen},
        title = "{Infrared vibrational spectra of C$_{H}$$^{3 +}$ and its deuterated isotopologues}",
      journal = {AIP Advances},
         year = 2019,
        month = sep,
       volume = {9},
       number = {9},
          eid = {095017},
        pages = {095017},
          doi = {10.1063/1.5114693},
       adsurl = {https://ui.adsabs.harvard.edu/abs/2019AIPA....9i5017N},
      adsnote = {Provided by the SAO/NASA Astrophysics Data System}
}

@ARTICLE{Millar89,
       author = {{Millar}, T.~J. and {Bennett}, A. and {Herbst}, Eric},
        title = "{Deuterium Fractionation in Dense Interstellar Clouds}",
      journal = {\apj},
     keywords = {Chemical Fractionation, Deuterium, Interstellar Chemistry, Molecular Clouds, Orion Nebula, Abundance, Astronomical Models, Dissociation, Molecular Ions, Recombination Reactions, Time Dependence, Astrophysics, DEUTERIUM, INTERSTELLAR: MOLECULES, NEBULAE: ORION NEBULA},
         year = 1989,
        month = may,
       volume = {340},
        pages = {906},
          doi = {10.1086/167444},
       adsurl = {https://ui.adsabs.harvard.edu/abs/1989ApJ...340..906M},
      adsnote = {Provided by the SAO/NASA Astrophysics Data System}
}

@ARTICLE{Chantzos18,
       author = {{Chantzos}, J. and {Spezzano}, S. and {Caselli}, P. and {Chac{\'o}n-Tanarro}, A. and {Bizzocchi}, L. and {Sipil{\"a}}, O. and {Giuliano}, B.~M.},
        title = "{A Study of the c-C$_{3}$HD/c-C$_{3}$H$_{2}$ Ratio in Low-mass Star-forming Regions}",
      journal = {\apj},
     keywords = {astrochemistry, ISM: clouds, ISM: molecules, line: identification, Astrophysics - Solar and Stellar Astrophysics, Astrophysics - Astrophysics of Galaxies},
         year = 2018,
        month = aug,
       volume = {863},
       number = {2},
          eid = {126},
        pages = {126},
          doi = {10.3847/1538-4357/aad2dc},
archivePrefix = {arXiv},
       eprint = {1807.04663},
 primaryClass = {astro-ph.SR},
       adsurl = {https://ui.adsabs.harvard.edu/abs/2018ApJ...863..126C},
      adsnote = {Provided by the SAO/NASA Astrophysics Data System}
}

@ARTICLE{Loomis18,
       author = {{Loomis}, Ryan A. and {{\"O}berg}, Karin I. and {Andrews}, Sean M. and {Walsh}, Catherine and {Czekala}, Ian and {Huang}, Jane and {Rosenfeld}, Katherine A.},
        title = "{Detecting Weak Spectral Lines in Interferometric Data through Matched Filtering}",
      journal = {\aj},
     keywords = {methods: data analysis, protoplanetary disks, radio lines: general, submillimeter: planetary systems, techniques: interferometric, techniques: spectroscopic, Astrophysics - Instrumentation and Methods for Astrophysics},
         year = 2018,
        month = apr,
       volume = {155},
       number = {4},
          eid = {182},
        pages = {182},
          doi = {10.3847/1538-3881/aab604},
archivePrefix = {arXiv},
       eprint = {1803.04987},
 primaryClass = {astro-ph.IM},
       adsurl = {https://ui.adsabs.harvard.edu/abs/2018AJ....155..182L},
      adsnote = {Provided by the SAO/NASA Astrophysics Data System}
}

@ARTICLE{Yen16,
       author = {{Yen}, Hsi-Wei and {Koch}, Patrick M. and {Liu}, Hauyu Baobab and {Puspitaningrum}, Evaria and {Hirano}, Naomi and {Lee}, Chin-Fei and {Takakuwa}, Shigehisa},
        title = "{Stacking Spectra in Protoplanetary Disks: Detecting Intensity Profiles from Hidden Molecular Lines in HD 163296}",
      journal = {\apj},
     keywords = {ISM: individual objects: HD 163296, line: profiles, protoplanetary disks, Astrophysics - Solar and Stellar Astrophysics, Astrophysics - Earth and Planetary Astrophysics, Astrophysics - Astrophysics of Galaxies},
         year = 2016,
        month = dec,
       volume = {832},
       number = {2},
          eid = {204},
        pages = {204},
          doi = {10.3847/0004-637X/832/2/204},
archivePrefix = {arXiv},
       eprint = {1610.01780},
 primaryClass = {astro-ph.SR},
       adsurl = {https://ui.adsabs.harvard.edu/abs/2016ApJ...832..204Y},
      adsnote = {Provided by the SAO/NASA Astrophysics Data System}
}

@ARTICLE{Mumma11,
       author = {{Mumma}, Michael J. and {Charnley}, Steven B.},
        title = "{The Chemical Composition of Comets{\textemdash}Emerging Taxonomies and Natal Heritage}",
      journal = {\araa},
         year = 2011,
        month = sep,
       volume = {49},
       number = {1},
        pages = {471-524},
          doi = {10.1146/annurev-astro-081309-130811},
       adsurl = {https://ui.adsabs.harvard.edu/abs/2011ARA&A..49..471M},
      adsnote = {Provided by the SAO/NASA Astrophysics Data System}
}

@ARTICLE{Cataldi21,
       author = {{Cataldi}, Gianni and {Yamato}, Yoshihide and {Aikawa}, Yuri and {Bergner}, Jennifer B. and {Furuya}, Kenji and {Guzm{\'a}n}, Viviana V. and {Huang}, Jane and {Loomis}, Ryan A. and {Qi}, Chunhua and {Andrews}, Sean M. and {Bergin}, Edwin A. and {Booth}, Alice S. and {Bosman}, Arthur D. and {Cleeves}, L. Ilsedore and {Czekala}, Ian and {Ilee}, John D. and {Law}, Charles J. and {Le Gal}, Romane and {Liu}, Yao and {Long}, Feng and {M{\'e}nard}, Fran{\c{c}}ois and {Nomura}, Hideko and {{\"O}berg}, Karin I. and {Schwarz}, Kamber R. and {Teague}, Richard and {Tsukagoshi}, Takashi and {Walsh}, Catherine and {Wilner}, David J. and {Zhang}, Ke},
        title = "{Molecules with ALMA at Planet-forming Scales (MAPS). X. Studying Deuteration at High Angular Resolution toward Protoplanetary Disks}",
      journal = {\apjs},
     keywords = {Astrochemistry, Isotopic abundances, Interferometry, Protoplanetary disks, Planet formation, Planetary system formation, Millimeter astronomy, Aperture synthesis, 75, 867, 808, 1300, 1241, 1257, 1061, 53, Astrophysics - Solar and Stellar Astrophysics, Astrophysics - Earth and Planetary Astrophysics, Astrophysics - Astrophysics of Galaxies},
         year = 2021,
        month = nov,
       volume = {257},
       number = {1},
          eid = {10},
        pages = {10},
          doi = {10.3847/1538-4365/ac143d},
archivePrefix = {arXiv},
       eprint = {2109.06462},
 primaryClass = {astro-ph.SR},
       adsurl = {https://ui.adsabs.harvard.edu/abs/2021ApJS..257...10C},
      adsnote = {Provided by the SAO/NASA Astrophysics Data System}
}

@ARTICLE{Guzman21,
       author = {{Guzm{\'a}n}, Viviana V. and {Bergner}, Jennifer B. and {Law}, Charles J. and {{\"O}berg}, Karin I. and {Walsh}, Catherine and {Cataldi}, Gianni and {Aikawa}, Yuri and {Bergin}, Edwin A. and {Czekala}, Ian and {Huang}, Jane and {Andrews}, Sean M. and {Loomis}, Ryan A. and {Zhang}, Ke and {Le Gal}, Romane and {Alarc{\'o}n}, Felipe and {Ilee}, John D. and {Teague}, Richard and {Cleeves}, L. Ilsedore and {Wilner}, David J. and {Long}, Feng and {Schwarz}, Kamber R. and {Bosman}, Arthur D. and {P{\'e}rez}, Laura M. and {M{\'e}nard}, Fran{\c{c}}ois and {Liu}, Yao},
        title = "{Molecules with ALMA at Planet-forming Scales (MAPS). VI. Distribution of the Small Organics HCN, C$_{2}$H, and H$_{2}$CO}",
      journal = {\apjs},
     keywords = {Protoplanetary disks, 1300, Astrophysics - Earth and Planetary Astrophysics, Astrophysics - Solar and Stellar Astrophysics},
         year = 2021,
        month = nov,
       volume = {257},
       number = {1},
          eid = {6},
        pages = {6},
          doi = {10.3847/1538-4365/ac1440},
archivePrefix = {arXiv},
       eprint = {2109.06391},
 primaryClass = {astro-ph.EP},
       adsurl = {https://ui.adsabs.harvard.edu/abs/2021ApJS..257....6G},
      adsnote = {Provided by the SAO/NASA Astrophysics Data System}
}



